<?xml version="1.0" encoding="UTF-8"?><collection xmlns="http://www.loc.gov/MARC21/slim"><record><leader>00437nam--2200181-u-4500</leader><controlfield tag="001">000056106</controlfield><controlfield tag="002">20161230</controlfield><controlfield tag="005">20161230201052</controlfield><controlfield tag="008">141210s1000------------r-----000-0-rus-d</controlfield><datafield ind1=" " ind2=" " tag="040"><subfield code="a">IFIN-HH</subfield></datafield><datafield ind1=" " ind2=" " tag="041"><subfield code="a">rus</subfield></datafield><datafield ind1=" " ind2=" " tag="080"><subfield code="a">524.1</subfield></datafield><datafield ind1="1" ind2=" " tag="100"><subfield code="a">Ginzburga, V.L</subfield></datafield><datafield ind1="1" ind2="0" tag="245"><subfield code="a">Astrofizika kosmiceskih lucei</subfield><subfield code="c">V.l. ginzburga (red.)</subfield></datafield><datafield ind1=" " ind2=" " tag="260"><subfield code="a">Moskva</subfield><subfield code="b">Nauka</subfield><subfield code="c">1990</subfield></datafield><datafield ind1=" " ind2=" " tag="300"><subfield code="a">523P</subfield></datafield><datafield ind1=" " ind2=" " tag="852"><subfield code="a">79595</subfield><subfield code="c">523</subfield></datafield><datafield ind1=" " ind2=" " tag="CAT"><subfield code="a">Sys</subfield><subfield code="c">20141210</subfield><subfield code="h">124938</subfield></datafield></record></collection>